 @misc{neovim, title={Neovim}, url={https://github.com/beauwilliams/Dotfiles/tree/master/Vim/nvim}, journal={Neovim}, publisher={Neovim}, author={Williams, Beau}, year={2022}} 
 
 @misc{multipass, title={Multipass: VM Orchestrator}, url={https://multipass.run/}, journal={Multipass orchestrates virtual Ubuntu instances}, publisher={Canonical}} 
  
  @misc{lsp, title={Language Server Protocol}, url={https://microsoft.github.io/language-server-protocol/}, journal={Official page for Language Server Protocol}, publisher={Microsoft}} 
   
@misc{just, title={Casey/just: �� just a command runner}, url={https://github.com/casey/just}, journal={GitHub}, author={Casey}} 

@misc{dssim,
  author = {Young Choon Lee},
  title = {DS-Sim},
  year = {2022},
  publisher = {GitHub},
  journal = {GitHub repository},
  howpublished = {\url{https://github.com/distsys-MQ/ds-sim}},
  commit = {8f4e0ee57b41b9139e3184717287dc5f937c9bf7}
}

